@misc{role1,
	title={Fiche métier ingénieur développement logiciel },
	author={Romain Proton},
	year={2012},
	note={https://www.ingenieurs.com/informatique-et-telecommunication/metier-ingenieur-developpement-logiciel-413.php}
}

@misc{contraintes,
	title={Programming is terrible},
	author={},
	month={Septembre},
	year={2013},
	note={https://pastebin.com/ed1pP9Ak}
}

@misc{securite,
	title={Ingénieur sécurité informatique - Métier - Carrière Informatique},
	day={6},
	month={Mars},
	year={2013},
	note={https://www.carriere-informatique.com/metier/ingenieur-securite-informatique/39}
}

@misc{evolution,
	title={Evolution de la population connectée au fil des années},
	note={https://reseaux-professionnels.fr/twitter/levolution-des-reseaux-sociaux-entre-2010-et-2015-infographie/},
	month={Mars},
	year={2016},
	author={TK}
}

@misc{pirates,
	title={Les nouveaux pirates de l'informatique},
	author={Enquêtes et investigations},
	note={https://www.youtube.com/watch?v=DxsMHHErw9c},
	month={Décembre},
	year={2015}
}

@misc{genie_logiciel,
	titre={Génie Logiciel - Conduite de Projet (OverView)},
	author={xavier blanc - Université de Bordeaux},
	month={Septembre},
	year={2016},
	note={https://www.youtube.com/watch?v=vhpcngRVE_A}
}